@inproceedings{DCA_Segmentation:2009,
 author = {Gu, Feng and Greensmith, Julie and Aickelin, Uwe},
 title = {Integrating real-time analysis with the dendritic cell algorithm through segmentation},
 booktitle = {Proceedings of the 11th Annual conference on Genetic and evolutionary computation},
 series = {GECCO '09},
 year = {2009},
 isbn = {978-1-60558-325-9},
 location = {Montreal, Qu\&\#233;bec, Canada},
 pages = {1203--1210},
 numpages = {8},
 url = {http://doi.acm.org/10.1145/1569901.1570063},
 doi = {10.1145/1569901.1570063},
 acmid = {1570063},
 publisher = {ACM},
 address = {New York, NY, USA},
 keywords = {dendritic cell algorithm, intrusion detection systems, real-time analysis, segementation}
}

@phdthesis{guSeg:2011,
  title={Theoretical and Empirical Extensions of the Dendritic Cell Algorithm},
  author={Gu, Feng},
  year={2011},
  school={University of Nottingham}
}

@inproceedings{signalCalculationImprovements:2008,
 author = {Oates, Robert and Kendall, Graham and Garibaldi, Jonathan M.},
 title = {The Limitations of Frequency Analysis for Dendritic Cell Population Modelling},
 booktitle = {Proceedings of the 7th international conference on Artificial Immune Systems},
 series = {ICARIS '08},
 year = {2008},
 isbn = {978-3-540-85071-7},
 location = {Phuket, Tailand},
 pages = {328--339},
 numpages = {12},
 url = {http://dx.doi.org/10.1007/978-3-540-85072-4_29},
 doi = {10.1007/978-3-540-85072-4_29},
 acmid = {1428227},
 publisher = {Springer-Verlag},
 address = {Berlin, Heidelberg},
 keywords = {Dendritic Cell Algorithm, Frequency Analysis, Tuning}
} 

@article{revisitingNSA:2007,
 author = {Ji, Zhou and Dasgupta, Dipankar},
 title = {Revisiting Negative Selection Algorithms},
 journal = {Evol. Comput.},
 issue_date = {Summer 2007},
 volume = {15},
 number = {2},
 month = jun,
 year = {2007},
 issn = {1063-6560},
 pages = {223--251},
 numpages = {29},
 url = {http://dx.doi.org/10.1162/evco.2007.15.2.223},
 doi = {10.1162/evco.2007.15.2.223},
 acmid = {1268640},
 publisher = {MIT Press},
 address = {Cambridge, MA, USA},
 keywords = {Artificial immune systems, machine learning, negative selection algorithms}
}

@article{evalAIS:2005,
 author = {Garrett, Simon M.},
 title = {How Do We Evaluate Artificial Immune Systems?},
 journal = {Evol. Comput.},
 issue_date = {June 2005},
 volume = {13},
 number = {2},
 month = jun,
 year = {2005},
 issn = {1063-6560},
 pages = {145--177},
 numpages = {33},
 url = {http://dx.doi.org/10.1162/1063656054088512},
 doi = {10.1162/1063656054088512},
 acmid = {1109016},
 publisher = {MIT Press},
 address = {Cambridge, MA, USA}
}

@article{IDSoverview:2011,
  title={Intrusion Detection and Prevention System Classification and Quick Review},
  author={Beigh, Bilal Maqbool and Peer, MA},
  journal = {ARPN Journal of Science and Technology},
  issue_date = {August 2012},
  volume = {2},
  number = {7},
  year={2011},
  issn = {2225-7217},
  pages = {661-675},
  publisher = {},
  address = {}
}

@INPROCEEDINGS{NIDSandHIDS:2005, 
author={Basicevic, I. and Popovic, M. and Kovacevic, V.}, 
booktitle={Telecommunications, 2005. Advanced industrial conference on telecommunications/service assurance with partial and intermittent resources conference/e-learning on telecommunications workshop. aict/sapir/elete 2005. proceedings}, title={The use of distributed network-based {IDS} systems in detection of evasion attacks}, 
year={2005}, 
pages={78-82}, 
keywords={computer networks;security of data;distributed network based IDS systems;evasion attack detection;host based intrusion prevention systems;intrusion detection systems;Communication industry;Hip;IP networks;Intelligent networks;Internet;Intrusion detection;Linux;Network topology;Protection;Protocols}, 
doi={10.1109/AICT.2005.90}
}

@phdthesis{greensmith_thesis:2007,
    author    = {Greensmith, Julie},
    title     = {The dendritic cell algorithm},
    school    = {University of Nottingham},
    year      = {2007}
}

@misc{DMZ:2005,
title = {SolutionBase: Strengthen network defenses by using a {DMZ}},
month = {June},
year = {2005},
howpublished = "\url{http://tinyurl.com/cu8ruu6}"
}

@article{anomalyReview:2011,
  title={A Review of Anomaly based Intrusion Detection Systems},
  author={Jyothsna, V and Prasad, Rama},
  journal={International Journal of Computer Applications},
  volume={28},
  number={7},
  year={2011},
  publisher={International Journal of Computer Applications, 244 5 th Avenue,\# 1526, New York, NY 10001, USA India}
}

@inproceedings{IDSimmune:2010,
 author = {Kotov, Vadim D. and Vasilyev, Vladimir},
 title = {Immune model based approach for network intrusion detection},
 booktitle = {Proceedings of the 3rd international conference on Security of information and networks},
 series = {SIN '10},
 year = {2010},
 isbn = {978-1-4503-0234-0},
 location = {Taganrog, Rostov-on-Don, Russian Federation},
 pages = {233--237},
 numpages = {5},
 url = {http://doi.acm.org/10.1145/1854099.1854146},
 doi = {10.1145/1854099.1854146},
 acmid = {1854146},
 publisher = {ACM},
 address = {New York, NY, USA},
 keywords = {artificial immune systems, immunocomputing, intrusion detection systems}
}

@inproceedings{AISoverview:2012,
 author = {Mohamed Elsayed, Samir A. and Ammar, Reda A. and Rajasekaran, Sanguthevar},
 title = {Artificial Immune Systems: Models, Applications, and challenges},
 booktitle = {Proceedings of the 27th Annual ACM Symposium on Applied Computing},
 series = {SAC '12},
 year = {2012},
 isbn = {978-1-4503-0857-1},
 location = {Trento, Italy},
 pages = {256--258},
 numpages = {3},
 url = {http://doi.acm.org/10.1145/2245276.2245326},
 doi = {10.1145/2245276.2245326},
 acmid = {2245326},
 publisher = {ACM},
 address = {New York, NY, USA},
 keywords = {artificial immune system, clonal selection, danger theory, immune network, negative selection}
}